@INPROCEEDINGS{RT-Monitoring, 
author={Puranik, D.G. and Feiock, D.C. and Hill, J.H.}, 
booktitle={Engineering of Computer Based Systems (ECBS), 2013 20th IEEE International Conference and Workshops on the}, 
title={Real-Time Monitoring using AJAX and WebSockets}, 
year={2013}, 
pages={110-118}, 
keywords={Internet;Java;XML;embedded systems;monitoring;protocols;public domain software;software architecture;AJAX;DRE systems;OASIS;WebSockets;World Wide Web;XML;asynchronous JavaScript;distributed real-time systems;embedded systems;open-source architecture;protocol;real-time monitoring;software instrumentation of systems;unconventional programming;Bandwidth;Memory management;Probes;Protocols;Real-time systems;Software}, 
doi={10.1109/ECBS.2013.10},}

@INPROCEEDINGS{Performance-Penalty, 
author={Agarwal, S.}, 
booktitle={Communications (ICC), 2012 IEEE International Conference on}, 
title={Real-time web application roadblock: Performance penalty of HTML sockets}, 
year={2012}, 
pages={1225-1229}, 
keywords={3G mobile communication;Internet;authorisation;cellular radio;hypermedia markup languages;transport protocols;3G cellular data Internet connections;HTML socket streams;HTML5 Web sockets;HTTP proxies;HTTPS protocols;XHR-polling;data payload delivery delay;raw TCP streams;real-time Web application roadblock;security firewalls;Browsers;Delay;HTML;Internet;Protocols;Servers;Sockets}, 
doi={10.1109/ICC.2012.6364271}, 
ISSN={1550-3607},}

@INPROCEEDINGS{OASIS, 
author={Hill, J. and Sutherland, H. and Stodinger, P. and Silveria, T. and Schmidt, D.C. and Slaby, J. and Visnevski, N.}, 
booktitle={Object/Component/Service-Oriented Real-Time Distributed Computing (ISORC), 2010 13th IEEE International Symposium on}, 
title={OASIS: A Service-Oriented Architecture for Dynamic Instrumentation of Enterprise Distributed Real-Time and Embedded Systems}, 
year={2010}, 
pages={10-17}, 
keywords={business data processing;distributed processing;embedded systems;knowledge based systems;software architecture;OASIS;application-level hardware;dynamic instrumentation;enterprise DRE system performance;enterprise distributed real-time and embedded system;heterogeneous sources;knowledge base;performance analysis tool;service-oriented architecture;shipboard computing;software instrumentation;software resources;system design;system-level hardware;Embedded software;Embedded system;Hardware;Instruments;Performance analysis;Real time systems;Service oriented architecture;Software performance;Software systems;System testing;distributed system instrumentation;dynamic instrumentation;service-oriented middleware}, 
doi={10.1109/ISORC.2010.29}, 
ISSN={1555-0885},}

@book{AJAX,
author = {Holdener, III, Anthony T.},
title = {Ajax: The Definitive Guide},
year = {2008},
isbn = {9780596528386},
edition = {First},
publisher = {O'Reilly},
}

@MISC{2009:Misc,
author = {Ian Hickson},
title = {'[hybi] web socket protocol in "last call" '},
year = {2009},
note = {\url{http://www.ietf.org/mail-archive/web/hybi/current/msg00784.html}}
}

@MISC{RFC,
author = {I. Fette, A. Melnikov},
title = {The WebSocket Protocol},
year = {2011},
note = {\url{http://tools.ietf.org/html/rfc6455}}
}

@MISC{Autobahn,
title = {Autobahn, Testsuite},
note = {\url{http://autobahn.ws/testsuite/}}
}

@misc{nodejs-ws,
author = {Einar Otto Stangvik},
title = {ws: a node.js websocket library},
year = {2011},
note = {\url{http://github.com/einaros/ws}}
}

@misc{nodejs-websocket,
title = {WebSocket Client and Server Implementation for Node},
year = {2011},
note = {\url{http://github.com/Worlize/WebSocket-Node}}
}


@misc{nodejs-look,
author = {Vadim Baryshev},
title = {Look},
year = {2012},
note = {\url{http://github.com/baryshev/look}}
}

@misc{nodejs,
title = {Node.js},
year = {2009},
note = {\url{http://nodejs.org/}}
}

@misc{tests,
author = {Mihail Costea, Liviu Chircu},
title = {WebSockets implementation tests},
year = {2013},
note = {\url{https://github.com/cmihail/WSvsHTTP/tree/master/tests}}
}

